@book{knuth:aocp1,
   author={Knuth, D.E.},
   title={The Art of Computer Programming},
   volume = {1-4a. 1st ed.},
   publisher = {Addison Wesley},
   year={2011}
}

@misc{knuth:aocp2,
   author={Knuth, D.E.},
   title={The Art of Computer Programming Fascicle 1 MMIX [e-book]},
   howpublished = {Stanford University: Addison Wesley Available through: Stanford University \textless\url{http://www-cs-faculty.stanford.edu/~uno/fasc1.ps.gz}\textgreater [Access 7 April 2013]}
}

@book{knuth:mmix,
	author={Knuth, D.E.},
	title={MMIXware A RISC Computer for the Third Millennium},
	publisher={Springer},
	year={1990}
}

@online{akka
   author={Typesafe Inc},
   title={Akka},
   year={2011-2015},
   url={http://akka.io/},
   urldate={24/08/2015}
}


@online{mmix:refcard
   author={Martin Ruckert},
   title={MMIX Quick Reference Card},
   year={2012},
   url={http://mmix.cs.hm.edu/doc/mmix-refcard-a4.pdf},
   urldate={24/08/2015}
}